<record xmlns:xsi="http://www.w3.org/2001/XMLSchema-instance" xmlns="http://www.loc.gov/MARC21/slim" xsi:schemaLocation="http://www.loc.gov/MARC21/slim http://www.loc.gov/standards/marcxml/schema/MARC21slim.xsd">

  <leader>     nam a22     7a 4500</leader>
  <datafield ind2=" " ind1=" " tag="999">
    <subfield code="c">3432</subfield>
    <subfield code="d">3432</subfield>
  </datafield>
  <controlfield tag="008">170922b2014    cr ||||| |||| 00| | spa d</controlfield>
  <datafield tag="090" ind2=" " ind1=" ">
    <subfield code="a">19.01.06</subfield>
    <subfield code="b">2404</subfield>
  </datafield>
  <datafield ind1="1" ind2=" " tag="100">
    <subfield code="9">614</subfield>
    <subfield code="a">Abarca Rodríguez, Allan</subfield>
  </datafield>
  <datafield tag="245" ind2="0" ind1="1">
    <subfield code="a">Análisis cualitativo con el Atlas.ti / </subfield>
    <subfield code="c">Allan Abarca Rodríguez, Nancy Ruiz Calderón</subfield>
  </datafield>
  <datafield tag="260" ind2=" " ind1=" ">
    <subfield code="a">[San José, Costa Rica] :</subfield>
    <subfield code="c">2014?</subfield>
  </datafield>
  <datafield ind2=" " ind1=" " tag="300">
    <subfield code="a">152 páginas;</subfield>
    <subfield code="b">ilustraciones</subfield>
  </datafield>
  <datafield ind1="1" ind2="4" tag="650">
    <subfield code="9">903</subfield>
    <subfield code="a">ANÁLISIS DE DATOS </subfield>
  </datafield>
  <datafield ind1="1" ind2="4" tag="650">
    <subfield code="9">1055</subfield>
    <subfield code="a">ANÁLISIS CUALITATIVO</subfield>
  </datafield>
  <datafield tag="700" ind2=" " ind1="1">
    <subfield code="9">3194</subfield>
    <subfield code="a">Ruiz Calderón, Nancy</subfield>
  </datafield>
  <datafield tag="942" ind1=" " ind2=" ">
    <subfield code="2">z</subfield>
    <subfield code="c">01</subfield>
  </datafield>
</record>